@article{pytorch-tensor-intro,
	author    = {facebook},
	title     = {pytorch tutorial tensor},
	journal   = {pytorch.org},
	volume    = {1603.02754},
	year      = {2019},
	url       = {https://pytorch.org/tutorials/beginner/blitz/tensor_tutorial.html},
	archivePrefix = {arXiv},
	eprint    = {1603.02754},
	timestamp = {Wed, 07 Jun 2017 14:40:11 +0200},
	biburl    = {https://dblp.org/rec/bib/journals/corr/BakryEEE15},
	bibsource = {dblp computer science bibliography, https://dblp.org}
}
@article{csdn-blog-my-tensor1,
	author    = {最老程序员},
	title     = {PyTorch学习笔记1---张量},
	journal   = {blog.csdn.net},
	volume    = {yt7589},
	year      = {2019},
	url       = {https://blog.csdn.net/Yt7589/article/details/103348336},
	archivePrefix = {arXiv},
	eprint    = {1603.02754},
	timestamp = {Wed, 07 Jun 2017 14:40:11 +0200},
	biburl    = {https://dblp.org/rec/bib/journals/corr/BakryEEE15},
	bibsource = {dblp computer science bibliography, https://dblp.org}
}
@Book{deep-learning-with-pytorch,
   author =   "Eli Stevens, Luca Antiga", 
   title =   "Deep Learning with PyTorch", 
   publisher =   "Manning",
   address = "www.manning.com",
   year =   "2019"
}
@Book{dl-tf-theano,
   author =   "闫涛，周琦", 
   title =   "深度学习算法实践---基于Theano和TensorFlow", 
   publisher =   "电子工业出版社",
   address = "北京市丰台区",
   year =   "2017"
}
@article{pytorch-nn-in-detail1,
	author    = {Jeremy Howard},
	title     = {WHAT IS TORCH.NN REALLY?},
	journal   = {pytorch.org},
	volume    = {tutorials},
	year      = {2019},
	url       = {https://pytorch.org/tutorials/beginner/nn_tutorial.html},
	archivePrefix = {pytorch.org},
	eprint    = {1603.02754},
	timestamp = {Wed, 07 Jun 2017 14:40:11 +0200},
	biburl    = {https://dblp.org/rec/bib/journals/corr/BakryEEE15},
	bibsource = {dblp computer science bibliography, https://dblp.org}
}

