@Article{ex1,
   author =   "I.MLearning, Ivan Marc",
   title =   "Some Related Article {I} Wrote", 
   journal =   "Some Fine Journal",
   month = "January",
   number = "7",
   year =   "1999",
   volume =   "99",
   pages =   "1-100",
}

@article{refa001,
	author    = {Amr Bakry and
	Mohamed Elhoseiny and
	Tarek El{-}Gaaly and
	Ahmed M. Elgammal},
	title     = {Digging Deep into the Layers of CNNs: In Search of How CNNs Achieve
	View Invariance},
	journal   = {CoRR},
	volume    = {abs/1508.01983},
	year      = {2015},
	url       = {http://arxiv.org/abs/1508.01983},
	archivePrefix = {arXiv},
	eprint    = {1508.01983},
	timestamp = {Wed, 07 Jun 2017 14:40:11 +0200},
	biburl    = {https://dblp.org/rec/bib/journals/corr/BakryEEE15},
	bibsource = {dblp computer science bibliography, https://dblp.org}
}


@Book{ex2,
   author =   "A.NikolaosAI, Andreas Nikolaos", 
   title =   "A Book He Wrote", 
   publisher =   "His Publisher",
   address = "Erewhon, NC",
   year =   "1999"
}
